<?xml version="1.0" encoding="UTF-8"?><collection xmlns="http://www.loc.gov/MARC21/slim"><record><leader>00371nam--2200109-i-4500</leader><controlfield tag="001">000031943</controlfield><controlfield tag="002">20161230</controlfield><controlfield tag="005">20161230201038</controlfield><controlfield tag="008">060222s1000------------r-----000-0-eng-d</controlfield><datafield ind1=" " ind2=" " tag="245"><subfield code="a">The merck index of chemicals and drugs.an encyclopedia for chemists, pharmacist, physician and members of allied professions</subfield></datafield><datafield ind1=" " ind2=" " tag="260"><subfield code="a">Rahway, Merck &amp; Co, Inc., 1960. Xi + 1642p</subfield></datafield><datafield ind1=" " ind2=" " tag="852"><subfield code="a">D.223</subfield></datafield></record></collection>